@article{lansner1989one,
  title={A one-layer feedback artificial neural network with a Bayesian learning rule},
  author={Lansner, Anders and Ekeberg, {\"O}rjan},
  journal={International journal of neural systems},
  volume={1},
  number={01},
  pages={77--87},
  year={1989},
  publisher={World Scientific}
}

@article{kawai2015motor,
  title={Motor cortex is required for learning but not for executing a motor skill},
  author={Kawai, Risa and Markman, Timothy and Poddar, Rajesh and Ko, Raymond and Fantana, Antoniu L and Dhawale, Ashesh K and Kampff, Adam R and {\"O}lveczky, Bence P},
  journal={Neuron},
  volume={86},
  number={3},
  pages={800--812},
  year={2015},
  publisher={Elsevier}
}

@article{dominey2000neural,
  title={Neural network processing of natural language: I. Sensitivity to serial, temporal and abstract structure of language in the infant},
  author={Dominey, Peter Ford and Ramus, Franck},
  journal={Language and Cognitive Processes},
  volume={15},
  number={1},
  pages={87--127},
  year={2000},
  publisher={Taylor \& Francis}
}

@article{bhalla2017dendrites,
  title={Dendrites, deep learning, and sequences in the hippocampus},
  author={Bhalla, Upinder S},
  journal={Hippocampus},
  year={2017},
  publisher={Wiley Online Library}
}

@article{wang2017model,
  title={A model of human motor sequence learning explains facilitation and interference effects based on spike-timing dependent plasticity},
  author={Wang, Quan and Rothkopf, Constantin A and Triesch, Jochen},
  journal={PLoS computational biology},
  volume={13},
  number={8},
  pages={e1005632},
  year={2017},
  publisher={Public Library of Science}
}

@article{verduzco2012model,
  title={A model for complex sequence learning and reproduction in neural populations},
  author={Verduzco-Flores, Sergio Oscar and Bodner, Mark and Ermentrout, Bard},
  journal={Journal of computational neuroscience},
  volume={32},
  number={3},
  pages={403--423},
  year={2012},
  publisher={Springer}
}

@article{veliz2015networks,
  title={Networks that learn the precise timing of event sequences},
  author={Veliz-Cuba, Alan and Shouval, Harel Z and Josi{\'c}, Kre{\v{s}}imir and Kilpatrick, Zachary P},
  journal={Journal of computational neuroscience},
  volume={39},
  number={3},
  pages={235--254},
  year={2015},
  publisher={Springer}
}

@article{fiete2010spike,
  title={Spike-time-dependent plasticity and heterosynaptic competition organize networks to produce long scale-free sequences of neural activity},
  author={Fiete, Ila R and Senn, Walter and Wang, Claude ZH and Hahnloser, Richard HR},
  journal={Neuron},
  volume={65},
  number={4},
  pages={563--576},
  year={2010},
  publisher={Elsevier}
}

@article{meli2013modular,
  title={A modular attractor associative memory with patchy connectivity and weight pruning},
  author={Meli, Cristina and Lansner, Anders},
  journal={Network: Computation in Neural Systems},
  volume={24},
  number={4},
  pages={129--150},
  year={2013},
  publisher={Taylor \& Francis}
}

@article{hopfield1984neurons,
  title={Neurons with graded response have collective computational properties like those of two-state neurons},
  author={Hopfield, John J},
  journal={Proceedings of the national academy of sciences},
  volume={81},
  number={10},
  pages={3088--3092},
  year={1984},
  publisher={National Acad Sciences}
}

@article{hopfield1982neural,
  title={Neural networks and physical systems with emergent collective computational abilities},
  author={Hopfield, John J},
  journal={Proceedings of the national academy of sciences},
  volume={79},
  number={8},
  pages={2554--2558},
  year={1982},
  publisher={National Acad Sciences}
}

@article{kleinfeld1986sequential,
  title={Sequential state generation by model neural networks},
  author={Kleinfeld, David},
  journal={Proceedings of the National Academy of Sciences},
  volume={83},
  number={24},
  pages={9469--9473},
  year={1986},
  publisher={National Acad Sciences}
}


@article{sompolinsky1986temporal,
  title={Temporal association in asymmetric neural networks},
  author={Sompolinsky, Haim and Kanter, I},
  journal={Physical review letters},
  volume={57},
  number={22},
  pages={2861},
  year={1986},
  publisher={APS}
}

@book{amit1992modeling,
  title={Modeling brain function: The world of attractor neural networks},
  author={Amit, Daniel J},
  year={1992},
  publisher={Cambridge university press}
}

@article{wilson1972excitatory,
  title={Excitatory and inhibitory interactions in localized populations of model neurons},
  author={Wilson, Hugh R and Cowan, Jack D},
  journal={Biophysical journal},
  volume={12},
  number={1},
  pages={1--24},
  year={1972},
  publisher={Elsevier}
}

@article{miller2012mathematical,
  title={Mathematical equivalence of two common forms of firing rate models of neural networks},
  author={Miller, Kenneth D and Fumarola, Francesco},
  journal={Neural computation},
  volume={24},
  number={1},
  pages={25--31},
  year={2012},
  publisher={MIT Press}
}

@article{douglas2004neuronal,
  title={Neuronal circuits of the neocortex},
  author={Douglas, Rodney J and Martin, Kevan AC},
  journal={Annu. Rev. Neurosci.},
  volume={27},
  pages={419--451},
  year={2004},
  publisher={Annual Reviews}
}

@article{tully2016spike,
  title={Spike-based Bayesian-Hebbian learning of temporal sequences},
  author={Tully, P. and Lind{\'e}n, H. and Hennig, M. and Lansner, A},
  journal={PLoS computational biology},
  volume={12},
  number={5},
  pages={e1004954},
  year={2016},
  publisher={Public Library of Science}
}

@article{murray2017learning,
  title={Learning multiple variable-speed sequences in striatum via cortical tutoring},
  author={Murray, J. M and others},
  journal={eLife},
  volume={6},
  pages={e26084},
  year={2017},
  publisher={eLife Sciences Publications Limited}
}

@article{andrew2003spiking,
  title={Spiking neuron models: Single neurons, populations, plasticity},
  author={Andrew, A. M},
  journal={Kybernetes},
  volume={32},
  number={7/8},
  year={2003},
  publisher={Emerald Group Publishing Limited}
}

@book{hebb2005organization,
  title={The organization of behavior: A neuropsychological theory},
  author={Hebb, D.},
  year={2005},
  publisher={Psychology Press}
}

@article{hurlstone2014memory,
  title={Memory for serial order across domains: An overview of the literature and directions for future research.},
  author={Hurlstone, M. and Hitch, G. and Baddeley, A.},
  journal={Psychological bulletin},
  volume={140},
  number={2},
  pages={339},
  year={2014},
  publisher={American Psychological Association}
}

@incollection{lashley1951problem,
  title={The problem of serial order in behavior},
  author={Lashley, K.},
  booktitle={Cerebral mechanisms in behavior},
  pages={112--136},
  year={1951}
}

@article{ans1994neural,
  title={A neural network model for temporal sequence learning and motor programming},
  author={Ans, B. and Coiton, Y. and Gilhodes, JC and Velay, J.},
  journal={Neural Networks},
  volume={7},
  number={9},
  pages={1461--1476},
  year={1994},
  publisher={Elsevier}
}

@article{dehaene1987neural,
  title={Neural networks that learn temporal sequences by selection},
  author={Dehaene, S. and Changeux, J. and Nadal, J.},
  journal={Proceedings of the National Academy of Sciences},
  volume={84},
  number={9},
  pages={2727--2731},
  year={1987},
  publisher={National Acad Sciences}
}

@article{gutig2006tempotron,
  title={The tempotron: a neuron that learns spike timing--based decisions},
  author={G{\"u}tig, R. and Sompolinsky, H.},
  journal={Nature neuroscience},
  volume={9},
  number={3},
  pages={420--428},
  year={2006},
  publisher={Nature Publishing Group}
}

@article{ponulak2010supervised,
  title={Supervised learning in spiking neural networks with ReSuMe: sequence learning, classification, and spike shifting},
  author={Ponulak, F. and Kasi{\'n}ski, A.},
  journal={Neural Computation},
  volume={22},
  number={2},
  pages={467--510},
  year={2010},
  publisher={MIT Press}
}

@article{amari1972learning,
  title={Learning patterns and pattern sequences by self-organizing nets of threshold elements},
  author={Amari, S-I},
  journal={IEEE Transactions on Computers},
  volume={100},
  number={11},
  pages={1197--1206},
  year={1972},
  publisher={IEEE}
}

@article{kohonen1977principle,
  title={A principle of neural associative memory},
  author={Kohonen, T and Lehti{\"o}, P and Rovamo, J and Hyv{\"a}rinen, J and Bry, K and Vainio, L},
  journal={Neuroscience},
  volume={2},
  number={6},
  pages={1065--1076},
  year={1977},
  publisher={Elsevier}
}

@article{sandberg2002bayesian,
  title={A Bayesian attractor network with incremental learning},
  author={Sandberg, A and Lansner, A. and Petersson, K. and Ekeberg, O.},
  journal={Network: Computation in neural systems},
  volume={13},
  number={2},
  pages={179--194},
  year={2002},
  publisher={Taylor \& Francis}
}


@article{roach2016memory,
  title={Memory recall and spike-frequency adaptation},
  author={Roach, James P and Sander, Leonard M and Zochowski, Michal R},
  journal={Physical Review E},
  volume={93},
  number={5},
  pages={052307},
  year={2016},
  publisher={APS}
}

@article{recanatesi2017memory,
  title={Memory States and Transitions between Them in Attractor Neural Networks},
  author={Recanatesi, Stefano and Katkov, Mikhail and Tsodyks, Misha},
  journal={Neural computation},
  volume={29},
  number={10},
  pages={2684--2711},
  year={2017},
  publisher={MIT Press}
}

@article{guyon1988storage,
  title={Storage and retrieval of complex sequences in neural networks},
  author={Guyon, I and Personnaz, L and Nadal, JP and Dreyfus, G},
  journal={Physical Review A},
  volume={38},
  number={12},
  pages={6365},
  year={1988},
  publisher={APS}
}


@misc{yuille1998winner,
  title={Winner-take-all mechanisms, The handbook of brain theory and neural networks},
  author={Yuille, Alan L and Geiger, Davi},
  year={1998},
  publisher={MIT Press, Cambridge, MA}
}

@article{pasupathy2010choosing,
  title={On choosing parameters in retrospective-approximation algorithms for stochastic root finding and simulation optimization},
  author={Pasupathy, Raghu},
  journal={Operations Research},
  volume={58},
  number={4-part-1},
  pages={889--901},
  year={2010},
  publisher={INFORMS}
}
